%% LaTeX2e file `myreferences.bib'
%% generated by the `filecontents' environment
%% from source `machine_learning_project' on 2017/05/01.
%%
@online{foo12,
  year = {2012},
  title = {footnote-reference-using-european-system},
  url = {http://tex.stackexchange.com/questions/69716/footnote-reference-using-european-system},
}
